@article{gupta2019,
	author = {Vedant Gupta},
	title = {How to use AI to play Sonic the Hedgehog. Itâ€™s NEAT!},
	journal = {https://www.freecodecamp.org/},
	date = {2019},
	url = {https://www.freecodecamp.org/news/how-to-use-ai-to-play-sonic-the-hedgehog-its-neat-9d862a2aef98/},
}

@article{stanley2002,
	author = {Stanley, Kenneth O., Risto Miikkulainen},
	title = {Evolving neural networks through augmenting topologies},
	journal = {Evolutionary computation},
	volume = {10}
	number = {2}
	pages = {99--127}
	year = {2002},
	url = {http://citeseerx.ist.psu.edu/viewdoc/download?doi=10.1.1.28.5457&rep=rep1&type=pdf},
}

